2850 3870
176 85 277 144 u-tu.
377 87 434 142 na
455 87 743 143 corrrurrrrorvr
764 88 982 144 carrrrrvrrr.
1142 95 1179 158 55

177 239 263 302 bonis
283 239 369 302 initiis
393 239 488 303 malos
513 252 634 302 eveum
657 240 767 315 babuit,
790 259 892 321 rapere
917 257 1034 314 omnes,
1057 237 1179 312 trabere,

176 339 299 401 domurn
312 339 385 402 alius
398 341 471 402 atius
484 357 572 420 agros
581 358 698 420 cupere,
708 358 804 420 neque
817 341 940 402 modum
954 357 1051 418 neque
1060 339 1178 402 moder·

111 409 112 500 ἒ
177 437 379 502 namucum
392 437 605 514 hautepen
617 439 921 522 mrurqnnevu
935 435 1179 500 amoremne

146 539 234 608 nbuc
248 539 410 602 adcedebat
422 537 503 619 quod
520 537 555 600 1.
570 537 649 602 Smila
664 539 831 616 exercitum,
845 557 934 619 quem
952 539 985 602 in
997 537 1070 601 Asia
1081 537 1180 600 ducu-

176 647 264 710 verut,
274 655 335 718 quo
350 637 404 699 sibi
413 636 505 698 fidum
515 635 630 712 saberet,
640 649 744 700 oontm
756 655 870 702 morem
882 638 1026 701 maiouim
1036 637 1203 713 iuxunoser

177 737 320 816 nimisque
340 735 491 798 liberaliter
508 735 656 799 babumm.
695 737 910 824 looaamoena,
924 735 1181 818 voluptariaiaoile
1214 721 1217 728 ’
1270 783 1277 794 ,

145 839 207 904 oin
233 825 294 901 otio
321 835 425 900 ferocis
455 836 579 899 militum
610 837 726 899 animos
752 836 942 899 molliverant.
988 837 1029 899 ibi
1055 836 1185 918 primum.

176 937 298 1001 insuevit
310 939 454 1001 exercitus
468 937 570 1020 popuii
589 937 717 1001 Romani
735 955 834 1001 amare
847 949 957 1020 potare,
972 938 1057 1019 signa
1070 935 1180 1000 tabulas

177 1042 267 1122 pictas
290 1058 360 1102 vasa
386 1039 498 1102 oaeiaua
524 1039 630 1114 mirari,
653 1058 691 1103 ea
717 1039 850 1120 privatim
875 1050 907 1102 et
930 1038 1045 1120 publice
1072 1055 1180 1119 rapere,

146 1141 296 1210 rdelubra
311 1140 445 1220 spoliare,
459 1157 542 1202 saera
560 1139 741 1222 profanaque
758 1140 858 1204 omnia
875 1139 1013 1220 poliuere
1055 1138 1220 1220 igitvueire
1307 1157 1314 1168 ·

176 1241 287 1316 milites,
310 1251 467 1321 postquam
490 1241 641 1304 victoriam
663 1241 762 1322 adepti
783 1251 860 1317 sumt.
882 1239 953 1303 nihil
979 1239 1081 1320 reliqui
1100 1240 1181 1303 vietis

176 1341 278 1403 ieeere.
317 1341 427 1424 quippe
440 1341 587 1404 secundae
601 1359 649 1405 res
669 1341 844 1422 sapientium
863 1339 978 1405 animos
997 1339 1128 1422 fatigant,
1142 1357 1181 1403 ue
1263 1331 1266 1340 ’

175 1441 376 1523 illieonruptis
390 1443 521 1505 moribus
535 1443 670 1506 victoriae
684 1451 886 1524 temperarent.
1255 1512 1258 1522 ,

215 1547 263 1605 12
292 1541 451 1624 Postquam
476 1543 591 1608 divitiae
613 1543 718 1608 bonori
738 1561 803 1608 esse
826 1561 950 1625 ooepere
966 1553 996 1608 et
1015 1562 1065 1608 eas
1087 1543 1179 1626 gioria

175 1645 327 1724 imperium
354 1645 483 1725 potentia
509 1647 691 1726 sequebatur,
718 1646 874 1709 hebescere
901 1646 997 1719 virtus.
1012 1637 1218 1728 'paupertatis

175 1745 284 1825 probro
308 1743 416 1808 baberi
463 1745 631 1810 innocentia
659 1763 714 1829 pro
745 1745 940 1810 malivolentia
970 1745 1039 1809 duci
1074 1747 1178 1826 eoepit.

145 1844 262 1924 aigimr
287 1864 326 1908 ex
358 1846 462 1908 divitiis
494 1847 671 1911 iuventutem
702 1847 815 1911 luxuria
847 1859 934 1928 etque
963 1847 1082 1910 avaritia
1111 1865 1181 1910 cum

175 1947 307 2028 superbia
321 1949 480 2026 ‚invasere3
510 1967 620 2030 rapere,
648 1947 832 2022 consumere,
854 1967 908 2012 sua
934 1949 1014 2029 parvi
1041 1949 1179 2030 pendere,

174 2045 268 2109 aliena
296 2065 412 2129 cupere,
439 2048 583 2129 pudorem
610 2049 788 2131 pudicitiam,
813 2049 909 2112 divina
936 2059 1024 2130 atque
1051 2047 1181 2110 bumana
1255 2067 1258 2078 ·

144 2147 431 2226 spmmisnmntbu
448 2149 533 2231 pensi
554 2167 649 2230 neque
669 2151 812 2214 moderati
832 2149 948 2214 babere.
988 2167 1098 2230 operae
1112 2167 1180 2231 pre·
1189 2169 1224 2211 se
1304 2215 1305 2218 ,

173 2247 245 2308 tium
257 2257 310 2324 est,
320 2267 390 2311 eum
402 2247 509 2312 domos
519 2260 606 2330 atque
615 2249 696 2312 villas
708 2251 882 2330 cognoveris
891 2249 923 2311 in
932 2251 1047 2313 urbium
1056 2251 1180 2312 modurn

173 2348 385 2426 exaedificatas,
406 2349 498 2413 visere
524 2351 635 2432 templa
662 2352 792 2427 deorum.
816 2369 893 2432 qnae
923 2351 1016 2414 nostri
1045 2350 1180 2425 ardores,
1205 2297 1277 2434 us
1308 2425 1310 2428 ,

141 2447 388 2528 areligiosissumi
414 2449 561 2525 mortales,
584 2450 686 2514 seuere.
727 2470 828 2515 verum
847 2452 891 2517 iiii
912 2451 1032 2514 delubra
1055 2451 1180 2514 deorum
1268 2440 1314 2484 Ψ

173 2547 287 2626 pietate,
301 2548 409 2611 domos
422 2567 491 2612 suas
504 2549 597 2628 gioria
613 2551 801 2624 decorabant.
816 2567 913 2630 neque
925 2548 1009 2612 victis
1022 2549 1180 2628 quiequam

141 2660 287 2727 epraeter
298 2649 418 2713 iniuriae
432 2651 580 2715 licentiam
590 2652 757 2734 eripiebant.
793 2665 823 2716 at
836 2651 867 2714 bi
876 2663 980 2716 comba
989 2648 1178 2733 ignavissumi
1189 2671 1223 2724 ²5

172 2745 307 2811 homines
325 2768 379 2831 per
396 2767 543 2814 nummum
562 2753 656 2815 melus
672 2753 773 2816 omnia
790 2771 827 2816 ea
845 2753 932 2815 noeis
950 2751 1087 2824 adimere,
1101 2767 1178 2830 quae

172 2846 328 2911 fortissumi
349 2849 401 2910 viri
422 2849 544 2914 victores
566 2851 758 2934 reliquerant;
787 2853 912 2933 proinde
935 2851 1020 2932 quasi
1043 2849 1180 2912 iniuriam

171 2947 710 3034 facereiddemumessetimperiouti.
742 2959 790 3018 to.
803 2967 874 3016 uam
883 2951 998 3034 quidet
1007 2967 1180 3025 memorem,

171 3066 246 3129 quae
261 3049 437 3132 uisieiaqui
450 3052 549 3116 videre
562 3053 673 3116 nemini
686 3053 835 3117 eredibilia
851 3062 928 3127 nint.
943 3049 1092 3132 aprivatis
1104 3067 1179 3126 eon·

141 3149 488 3236 apiun‘buspubvorsoa
517 3155 634 3230 montis,
660 3155 753 3216 maria
782 3165 930 3218 nonen-ata
955 3169 1029 3214 ease
1070 3151 1227 3231 quibfflw

171 3249 243 3310 mibi
263 3251 395 3314 videntur
417 3253 543 3316 ludibrio
567 3253 657 3322 fauste
680 3254 805 3330 divitiae,
828 3241 937 3336 quipp’e
957 3270 1032 3334 quas
1051 3251 1178 3316 honeste

141 3347 279 3412 ababere
305 3351 418 3426 licebat,
446 3353 610 3433 abuti-per
636 3355 845 3436 turpitudinem
876 3353 1083 3434 properabant.
1123 3353 1181 3416 aed
1279 3421 1284 3429 ,

170 3445 666 3535 lubidortupriganeaeoeten'que
684 3455 779 3542 mrbus
799 3471 862 3517 non
881 3453 978 3516 minor
997 3451 1178 3517 iuommatt

300 3617 306 3636 ‚
367 3621 378 3632 ,,
439 3643 441 3650 Ι
541 3599 544 3604 ·
665 3575 876 3648 ¹‘²⁶1⁴*ic·bjt'sl‚
1029 3631 1032 3640 .

111 3701 124 3753 i.
