2864 3876
159 137 277 198 ⁸2-st
360 141 417 196 DE
439 139 726 196 coniveamus
747 137 965 195 canutus.
1123 133 1167 222 8³.
1232 169 1239 202 s

110 293 364 357 serendumest.
404 289 1203 372 qmreegoitacenseoecumneiatioconu‘lio·
1338 278 1341 301 ⁵

158 393 363 456 ιοοΙοηιοηιιιι
379 393 483 453 civium
500 409 547 454 ree
562 391 681 471 publice
699 391 731 452 in
750 409 890 453 maxuma
904 389 1031 470 pericula
1045 391 1188 464 venerit„

157 491 242 571 eique
262 489 370 554 indicio
391 488 429 551 T.
444 487 575 552 Volturci
594 499 625 551 et
645 487 806 568 legutorum
825 489 1019 568 Allobrogum
1039 489 1163 551 oonvicti

157 589 341 668 confessique
368 588 426 651 sint
452 587 573 650 caedem
600 587 737 649 incendis
762 587 876 667 elinque
903 605 937 650 ee
962 585 1051 650 foede
1077 597 1166 668 etque
1193 613 1197 621 ·

157 689 284 752 crudel'a
302 687 432 750 facinora
451 687 483 748 in
503 685 574 749 civis
593 685 774 766 psuiemque
794 685 949 766 paravisse,
966 686 1003 748 de
1023 685 1186 762 ooniessisg
1201 683 1215 710 '¹

157 783 240 844 sicuti
260 781 297 843 de
317 781 487 844 manufestis
502 797 599 843 rerum
615 779 780 861 capitalium
796 797 878 844 more
893 779 1036 843 maiorum
1053 779 1164 859 suppli·

157 881 235 943 cium
248 880 445 942 mmnndm'

158 1011 162 1018 ·
198 985 251 1042 58.
273 977 432 1059 Postquam
456 977 533 1042 Cato
561 977 684 1052 adsedit,
708 977 876 1042 consulates
902 995 1006 1041 omnes
1035 977 1163 1058 itemque
1250 965 1254 973 ¹

156 1089 276 1140 senatus
290 1095 400 1158 mngna
418 1097 488 1158 pars
505 1078 680 1140 sententiam
699 1078 762 1140 eins
782 1077 911 1152 laudant,
923 1077 1059 1139 sirtutem
1074 1077 1164 1139 animi
1189 1139 1194 1150 ,

156 1175 196 1237 ad
213 1175 328 1238 oeelum
345 1175 450 1250 suunt,
468 1175 515 1238 aiii
532 1177 606 1239 ellos
620 1178 804 1256 increpantes
823 1175 942 1239 timidos
955 1185 1069 1262 vocapt,
1087 1173 1163 1238 Cato
1173 1199 1204 1240 ιο

156 1273 251 1334 olenus
270 1283 358 1354 atque
376 1291 504 1353 magnus
522 1273 653 1348 habetur,
669 1275 764 1336 senati
783 1275 935 1338 decoetum
953 1271 995 1350 dt,
1013 1273 1097 1336 sicuti
1114 1274 1163 1336 ille
1193 1299 1199 1312 ·

155 1383 315 1433 censuerat.

123 1491 142 1539 ς
199 1468 258 1530 Sed
286 1469 357 1530 mihi
384 1470 476 1532 multa
502 1469 610 1551 legenti
641 1469 732 1532 multe
763 1469 901 1544 audienti,
931 1487 1009 1550 quae
1036 1471 1190 1551 populus·
1301 1443 1316 1469 k
1343 1476 1347 1553 ζ

156 1565 310 1630 Romanus
329 1567 411 1630 domi
431 1568 607 1648 militiaeque
626 1569 700 1630 meri
718 1577 807 1648 atque
825 1579 900 1630 tens
919 1567 1069 1648 pmeelm
1089 1567 1163 1632 saci·

155 1683 229 1728 nom
249 1657 325 1740 feeit,
346 1664 420 1729 sorte
443 1667 536 1728 lubuit
557 1665 725 1740 adtendere,
746 1683 823 1746 quae
846 1683 893 1728 ree
916 1683 1056 1729 musmo
1079 1679 1199 1744 tantm

123 1763 274 1842 enegotia
297 1764 486 1826 sustinuisset
527 1764 657 1826 sciebem
685 1781 774 1844 saepe
800 1781 925 1826 numero
952 1783 1043 1844 parve
1069 1783 1160 1828 menn
1190 1803 1193 1818 ·

154 1879 224 1924 cum
248 1863 365 1943 magnis
385 1861 555 1942 legionibus
571 1862 699 1926 hostium
724 1862 921 1927 contendisse.
961 1881 1159 1943 cognosetem
1194 1852 1199 1903 i

154 1961 249 2040 psrvis
262 1962 354 2041 oopiis
367 1963 443 2024 bellu
456 1973 541 2040 gesta
555 1979 623 2024 cum
635 1961 781 2042 opulentis
798 1962 924 2041 regilius,
938 1961 978 2023 ad
994 1961 1052 2024 hoe
1069 1981 1159 2044 ssepe

141 2055 286 2120 ¹fortunus
298 2059 464 2123 violentiam
483 2058 659 2134 tolemvisse,
672 2057 810 2121 secundia
828 2057 960 2122 Graeoos
978 2059 1072 2140 glosis
1090 2061 1159 2122 bell

121 2155 258 2219 eGallos
278 2168 345 2219 ante
366 2157 520 2220 Romanos
540 2157 638 2221 tuisse.
678 2175 715 2219 ae
739 2155 810 2218 milti
829 2157 922 2219 multa
941 2158 1062 2237 agitanti
1082 2177 1198 2222 con-so

154 2253 249 2314 stabat
262 2273 424 2354 paucorum
438 2255 546 2316 civium
560 2255 708 2334 egregiam
722 2255 856 2316 νίτωοοω
875 2268 983 2316 cuncta
999 2257 1158 2334 patravisse
1219 2287 1268 2332 *w-

153 2367 248 2429 eoqne
268 2351 381 2414 ‘lactum
404 2353 446 2414 uti
470 2351 583 2414 divitias
606 2361 772 2440 paupestss‚
792 2351 1007 2413 multitudinem
1027 2355 1159 2432 paucitss

120 2461 310 2528 ssupetsret.
351 2451 404 2514 sed
416 2461 575 2531 postquam
589 2449 660 2510 luxu
673 2459 761 2529 atque
775 2448 887 2511 desidia
901 2449 1000 2512 uvius
1014 2465 1157 2532 oonrnpts

131 2557 205 2622 ·est.
226 2565 325 2610 rursus
344 2567 391 2611 res
411 2549 530 2629 publice
548 2547 748 2627 magnitudine
768 2564 822 2610 sua
841 2547 1050 2628 imperatorum
1071 2561 1157 2630 atqute

151 2647 371 2727 magistrutuum
384 2649 452 2710 vitia
465 2649 644 2709 sustentabat
657 2665 702 2722 ac,
716 2645 800 2710 sicuti
813 2647 900 2710 effets
912 2651 1044 2728 patente,
1057 2649 1155 2712 multis
1166 2673 1196 2728 ag

152 2748 372 2828 tempestatibus
395 2747 477 2810 hund
498 2764 570 2808 sene
593 2747 749 2826 quisquam
769 2746 885 2810 Romae
905 2746 1009 2809 virtute
1032 2765 1157 2828 magnus
1177 2787 1181 2808 .

119 2845 213 2914 eluit.
253 2848 306 2912 sed
320 2847 460 2912 memorie
473 2865 541 2910 mea
555 2846 665 2927 ingenti
678 2847 782 2910 virtue
795 2845 917 2911 divorsis
931 2847 1065 2911 motinus
1076 2847 1156 2912 luere
1227 2905 1230 2916 .
1295 2919 1300 2931 ‚

150 2947 203 3009 uiri
216 2947 276 3010 dno
290 2947 334 3010 M.
348 2945 424 3010 Ceto
443 2958 474 3009 et
489 2945 524 3010 Ο
539 2943 666 3009 Caeseie
687 2965 763 3026 qnos
780 2947 921 3026 quonism
938 2964 986 3009 res
1003 2935 1154 3024 obtulerat,

151 3047 266 3110 silentio
278 3044 432 3126 praeterire
446 3064 507 3108 non
521 3044 574 3107 fuit
587 3043 751 3120 eonsilium,
764 3045 838 3125 quin
853 3045 1002 3125 utriusque
1020 3055 1155 3110 uentrem
1268 3069 1270 3074 ·
1290 3097 1294 3126 ,

150 3156 301 3221 simones,
314 3143 899 3227 qusnnmingentopossemspenrem
935 3149 990 3208 te.
1011 3143 1099 3224 igitur
1111 3146 1196 3223 sisso

150 3263 244 3326 genus
257 3253 338 3311 setes
350 3243 519 3325 eloquentis
532 3261 625 3325 prope
638 3243 771 3325 aequalis
783 3241 872 3318 isere,
880 3243 1055 3323 magnitudo
1064 3247 1154 3310 enimi

100 3345 213 3422 'span
230 3343 302 3405 item
320 3343 422 3422 glotis,
443 3343 497 3406 sed
517 3343 574 3410 slia
593 3343 649 3406 elii.
691 3341 963 3406 Cseserbmifieiis
982 3361 1018 3405 ac
1038 3345 1154 3408 munifi·

644 3557 698 3606 es

306 3759 386 3848 nli*
