2864 3876
383 135 423 196 94
590 213 597 228 f
697 125 726 182 c
745 127 930 182 suerum
948 127 1072 182 crrsrr
1303 123 1384 210 Η,

382 272 507 336 amicitia
534 271 706 338 Masinissae
734 274 815 338 bona
841 287 929 357 atque
955 275 1080 341 bouesta
1105 275 1191 340 nobis
1216 275 1382 358 permansit.

382 372 434 434 sed
450 373 552 454 imperi
567 375 698 453 vitaeque
715 375 776 436 eius
792 375 858 438 finis
877 375 956 438 idem
975 375 1034 438 init.
1074 374 1144 437 dein
1164 373 1291 455 Micipsa
1310 377 1414 438 liliuss

381 489 505 551 regnum
516 469 597 533 solus
612 473 742 546 obtinuit,
756 472 956 536 Mastanabale
964 484 995 540 et
1003 473 1130 537 Gulussa
1139 472 1271 536 fracibus
1278 476 1384 536 morbo

167 575 181 659 s
381 569 549 650 absumptis
589 569 616 632 is
636 570 833 634 Adherbalem
852 582 882 633 et
904 570 1106 652 Hiempsalem
1131 590 1169 633 ex
1196 589 1261 634 sese
1269 573 1413 664 genmw

357 668 609 752 ,lugentemque
631 646 723 732 lilium
750 669 959 734 Mastanabalis
979 670 1081 760 fratris,¹
1105 689 1212 758 quem
1194 663 1384 748 Masinissa,

381 769 462 852 quod
479 780 561 832 ortus
579 785 618 832 ex
638 769 804 833 concubina
822 781 893 846 erat,
907 771 1049 852 privatum
1056 770 1265 856 (dereliquerat,
1278 772 1385 836 mem

339 921 343 928 .
382 869 656 952 cultuquoliberos
668 870 832 933 suosdomi
845 871 954 935 babuit.
1168 882 1181 898 ·‘

423 979 454 1035 d.
474 969 535 1046 Qui
545 969 594 1031 ubi
603 969 730 1050 primum
739 969 871 1044 adolevit,
878 971 991 1051 pollens
1003 971 1110 1034 viribus
1123 971 1231 1034 decora
1244 970 1318 1034 facie
1331 969 1384 1033 sed

381 1071 474 1133 multo
494 1087 631 1130 maxume
650 1069 770 1148 ingenio
789 1069 908 1146 validus,
928 1089 991 1134 non
1007 1089 1040 1134 ae
1059 1071 1130 1134 luxu
1150 1089 1245 1151 neque
1265 1071 1384 1135 inertiae

265 1171 281 1230 ’.
343 1167 635 1250 reconrumpendum
653 1167 740 1243 dedit,
756 1169 817 1244 sed,
832 1168 873 1232 uti
893 1187 959 1235 mos
978 1171 1073 1252 gentis
1092 1171 1168 1234 illius
1187 1180 1241 1247 est,
1256 1171 1384 1252 equitare

381 1269 507 1344 iaculari,
526 1285 611 1332 cursu
631 1285 701 1330 cum
720 1269 889 1348 aequalibus
908 1279 1069 1346 certareet
1087 1289 1158 1334 cum
1176 1271 1273 1333 omnis
1292 1271 1385 1352 gloria

380 1369 957 1446 msereacnmumnnenoamsesse3
977 1370 1087 1434 adhoc
1101 1370 1239 1452 pleraque
1252 1381 1385 1452 tempora

189 1452 191 1461 ¹
320 1468 1384 1552 ·inrenandoagere‚leonematquealiaslerasprimusautin

381 1569 482 1651 primis
501 1568 592 1643 lenire,
611 1569 778 1650 plurumum
797 1569 892 1632 lacere
912 1571 1075 1632 minumum
1096 1571 1159 1652 ipse
1181 1570 1219 1633 de
1241 1589 1273 1633 se
1296 1559 1388 1652 loqu'u'
1430 1649 1431 1652 Ἴ

341 1665 487 1748 asqtu'bus
501 1665 588 1729 rebtts
604 1664 739 1746 Micipsa,
755 1667 868 1729 tametsi
883 1665 964 1730 initio
980 1665 1072 1729 laeuas
1088 1665 1190 1742 luerat.
1205 1667 1413 1730 mummia

380 1766 514 1829 euntem
532 1764 690 1846 iugurthae
710 1784 803 1846 regno
822 1783 877 1829 suo
892 1763 999 1846 gloriae
1020 1766 1091 1842 iore,
1108 1775 1207 1828 tamen
1226 1775 1384 1847 postquam
1399 1826 1409 1854 ἵ,

380 1864 531 1930 bominem
551 1863 768 1928 adulescentem
791 1875 896 1928 exacta
919 1883 972 1929 sua
992 1875 1087 1929 aetate
1110 1873 1141 1928 et
1164 1865 1261 1948 paruis
1287 1865 1384 1932 iuberis

353 1967 475 2048 magis
496 1965 648 2050 magisque
671 1983 802 2030 cmscere
828 1965 975 2048 intellegit,
998 1965 1185 2030 uehementer
1204 1983 1242 2031 eo
1263 1965 1383 2047 negotio

360 2077 537 2150 permotus,
559 2067 650 2129 multa
675 2085 745 2130 eum
773 2067 872 2130 ιιιιίιιιο
900 2084 955 2131 suo
980 2066 1122 2132 volvebat.
1164 2068 1288 2130 terrebat
1314 2079 1413 2130 cums

340 2177 486 2232 eanamra
507 2167 672 2231 mortalium
696 2165 808 2230 avida'
799 2167 902 2248 tmperi
925 2177 956 2230 et
978 2185 1120 2248 praeceps
1145 2167 1185 2229 ad
1207 2153 1385 2258 explendam

382 2268 471 2332 animi
490 2268 664 2350 cupidinem,
684 2277 832 2350 praetem
854 2269 1056 2350 opportunitas
1077 2285 1146 2332 suae
1169 2267 1383 2350 llberorumque

382 2368 1383 2450 semdaquseetiammediocrisuirosspepraedaetransvorsos

381 2469 457 2552 agit3
484 2467 523 2532 ad
543 2469 599 2534 boc
619 2469 714 2534 studia
733 2468 929 2533 Numidarum
949 2467 980 2530 in
1000 2467 1172 2551 Iugurtham
1191 2486 1323 2544 accensa,
1343 2485 1388 2532 ex·

321 2583 329 2595 ·
380 2571 532 2654 qut'buasi
549 2571 636 2634 talem
650 2571 744 2634 uirum
764 2571 840 2634 dolis
859 2569 1057 2645 interfecisset,
1071 2588 1110 2633 ne
1129 2589 1189 2652 qua
1209 2569 1313 2634 seditio
1331 2577 1396 2632 aut

341 2671 489 2750 schellam
502 2671 624 2735 oriretur
636 2673 739 2734 auxius
746 2683 816 2734 etat.
844 2678 875 2738 ¹1.
894 2670 1162 2734 bisdifficultatibus
1169 2671 1382 2734 meumventns

379 2773 748 2854 ubitidetnequepersim
762 2771 980 2854 nequeimidils
995 2769 1383 2853 opprimiposaebominem

380 2869 1114 2954 amsoeepumpopuunmqummrupnm
1126 2884 1382 2965 muflpmmpru·

346 2969 1383 3055 'empetensgtoruentliurtmtaenuennobteotarepeneutuet

379 3071 840 3153 eomodolortunarntemptare.
865 3071 1411 3153 tgimbeuortumanmotutetpm

340 3189 451 3248 aecum
462 3169 574 3253 populo
587 3167 869 3260 llomanoequitum
881 3169 1112 3256 atquepediurm
1128 3171 1235 3234 auxilia
1250 3172 1381 3248 mitteret,

378 3261 1382 3355 aperamvelostentandorirtutemuelbostiumsaevitlaiacile

261 3427 270 3442 .
378 3353 1381 3453 animumanimumum

360 3469 519 3538 cuilubet
560 3467 1410 3552 sedeareslonqealiteracratmetateveniaa
