2864 3876
166 989 181 1061 t

357 78 415 124 rte
672 69 702 126 c.
721 69 903 126 saiw-tr!
920 69 1044 126 cerm
1068 115 1076 132 ,
1241 69 1360 128 26-28.

353 217 450 282 balem
470 218 665 282 excruciatum
694 229 788 295 necat,
810 217 916 282 deinde
943 219 1041 282 omnis
1067 219 1193 300 puberes
1213 217 1360 283 Numidas

352 329 440 398 atqtn
466 319 663 398 negotiatore·
688 319 864 401 promiscue,
884 319 925 381 uti
951 319 1075 400 quisque
1101 329 1230 382 umatus
1257 319 1360 382 obvius

354 416 611 493 mortuorunt
1255 491 1260 503 ⁸

393 523 446 582 2⁷.
465 514 557 593 Quod
569 528 725 600 postquam
739 517 855 582 Romae
875 517 1131 600 cognitamento
1148 537 1196 584 res
1209 521 1240 582 in
1257 531 1360 584 senatu
1383 539 1388 546 ·

329 617 456 697 sagitari
469 627 583 696 coepta,
596 617 675 680 idem
693 619 733 679 illi
749 617 872 680 ministri
891 617 967 698 regis
983 617 1195 699 interpellando
1214 637 1251 682 ac
1271 637 1367 698 saepe

353 716 454 793 gratia,
474 714 618 776 interdum
646 715 743 796 iurgiis
768 713 913 776 trahundo
937 725 1061 795 ternpus,
1083 717 1264 779 atrocitatem
1291 715 1360 776 iacti

352 813 507 878 leuiebaut.
548 833 584 878 ec
607 815 638 877 ni
659 813 694 878 G
715 813 875 877 Memmius
901 814 1035 877 tribunus
1061 814 1154 896 plebis
1181 815 1391 896 designatum

352 913 396 976 vir
412 931 481 978 acer
498 924 528 976 et
546 913 667 978 intuma
684 914 833 996 potentiae
853 914 1019 990 nobilitatis,
1033 915 1175 996 populum
1189 913 1360 978 Romanum

352 1012 518 1076 edocnnoet
540 1014 573 1077 id
594 1013 644 1094 agi
664 1023 697 1076 ut
719 1031 773 1094 per
793 1029 906 1092 paucos
927 1012 1067 1076 factiosos
1089 1013 1243 1094 Iugurthae
1265 1013 1361 1076 scelus

315 1135 348 1176 so
354 1111 577 1187 condonarem,
591 1110 723 1198 protecto
737 1111 834 1175 omnis
852 1111 959 1174 invidia
976 1112 1154 1194 prolatandis
1172 1111 1360 1178 consultatio-

354 1211 441 1275 nibus
458 1213 571 1294 dilapsa
591 1211 683 1276 iorete
712 1221 793 1274 tauta
812 1209 855 1274 vie
874 1210 984 1292 gratiae
1008 1223 1095 1294 atque
1119 1214 1261 1296 pecuniae
1283 1217 1361 1298 regis

354 1321 425 1376 erat.
465 1313 519 1377 sed
531 1312 580 1376 uhi
593 1311 820 1392 senatusdelicti
838 1311 1019 1376 couscientia
1031 1313 1174 1395 populum
1187 1315 1280 1391 timet,
1294 1315 1359 1398 lege
1372 1330 1391 1381 t

355 1411 527 1494 Sempronia
540 1413 705 1494 provinciae
720 1411 821 1476 futuris
840 1411 1009 1477 commun
1022 1411 1162 1477 Numidis
1176 1425 1263 1498 atque
1277 1415 1361 1480 Italia

353 1511 495 1590 decretae,
508 1513 644 1578 consides
663 1513 801 1576 declarati
818 1511 853 1575 Ρ.
867 1511 965 1594 Scipio
979 1511 1089 1576 Nasica
1102 1513 1138 1576 L.
1152 1513 1269 1579 Bestia:
1292 1515 1392 1582 Cal-e

316 1613 460 1694 sspurnio
482 1613 623 1676 Numidia
649 1611 780 1695 Scipioni
805 1611 891 1674 ltalia
916 1612 1044 1677 obvenit.
1084 1613 1191 1678 deiude
1216 1607 1391 1686 ¹exercituss

354 1713 405 1793 qui
424 1713 455 1776 in
472 1712 601 1777 Airioam
619 1725 781 1797 portaretur
800 1713 940 1788 scribitur,
960 1712 1135 1794 stipendium
1155 1713 1267 1798 tliaqtm
1285 1737 1360 1800 quae

354 1811 433 1876 bello
444 1799 509 1876 usui
527 1812 622 1878 locent
635 1815 838 1878 decernuntur.
878 1819 934 1878 28.
953 1823 984 1875 at
997 1812 1147 1894 Iugurtha,
1160 1824 1267 1880 contra
1276 1835 1360 1898 spem

353 1913 458 1976 nuntio
470 1925 602 1996 accepto,
615 1915 725 1998 quippe
738 1915 786 1978 eui
800 1913 915 1978 Romae
928 1915 1030 1976 omnia
1042 1933 1149 1978 renum
1162 1915 1203 1980 ire
1216 1917 1248 1979 in
1260 1919 1361 1981 auium

353 2011 495 2086 haeserat
508 2014 599 2077 tilium
612 2025 642 2077 et
654 2033 724 2080 cum
741 2033 779 2080 eo
792 2015 867 2080 duos
880 2012 1026 2077 familiaris
1044 2013 1083 2076 ed
1099 2025 1234 2078 senatum
1247 2016 1360 2100 legatos

314 2113 442 2177 comittit
467 2113 568 2196 eisque
596 2116 638 2179 uti
665 2115 727 2191 dlis.
748 2134 826 2198 quos
851 2113 1026 2196 Hiempsale
1053 2115 1205 2180 interiecto
1234 2119 1361 2195 miserat,

250 2221 255 2232 '
354 2215 493 2296 praecipit
512 2215 609 2279 omnis
638 2217 769 2279 mortalis
795 2215 921 2296 pecunii
946 2217 1161 2296 aggrediuntur.
1202 2217 1253 2296 qui
1279 2229 1391 2298 post-a

354 2330 445 2395 quarn
463 2313 593 2377 Romam
612 2316 817 2389 adventabant.
836 2323 955 2376 senatm
978 2332 997 2376 a
1017 2313 1116 2378 Bestia
1138 2316 1288 2380 consultus
1315 2327 1361 2380 est

354 2413 518 2495 placerene
539 2414 651 2496 legatos
670 2413 828 2496 Iugurthae
847 2413 937 2494 recipi
964 2409 1128 2488 moenibus.
1151 2414 1237 2494 eique
1261 2415 1361 2479 decre·

354 2513 643 2595 verenisireguum
662 2516 818 2596 ipsumque
837 2513 1361 2587 deditumvenissentmtiindiebus

313 2613 505 2694 ,epomis
518 2612 621 2676 decem
634 2611 717 2676 ltalia
729 2613 911 2677 decederent
951 2613 1055 2676 consul
1068 2611 1205 2676 Numidis
1223 2631 1261 2676 ex
1275 2625 1392 2676 scut-⁸

353 2723 402 2776 me
427 2714 546 2776 decreto
571 2713 697 2776 nuntiari
723 2714 819 2777 iubete
853 2713 894 2776 ita
919 2711 1034 2794 iniectis
1058 2714 1146 2776 rebus
1171 2712 1212 2775 illi
1237 2712 1361 2775 domum

352 2811 516 2876 discedunt.
564 2811 679 2876 interim
706 2810 881 2894 Calpurnius
907 2821 1009 2894 pareto
1036 2812 1165 2876 exercitu
1199 2811 1279 2892 legat
1305 2809 1393 2874 sinte

352 2909 490 2976 hommes
517 2911 624 2976 nobile
654 2912 803 2988 mneos,
831 2929 958 2994 quorum
984 2911 1154 2975 muonnte
1181 2928 1256 2992 quae
1290 2909 1361 2972 deli·

354 3011 465 3092 qm'met
485 3011 599 3074 munita
621 3009 686 3074 iore
711 3012 856 3093 sperem
897 3011 929 3074 in
950 3010 1016 3094 quis
1041 3009 1094 3075 fuit
1117 3009 1254 3086 Scaurus,
1278 3009 1362 3073 cuius

184 3057 189 3128 ἶ
314 3108 514 3186 »denatura
531 3121 562 3174 et
580 3109 681 3174 lubitu
703 3129 792 3192 mpra
814 3111 1049 3175 memoravimus.
1090 3129 1162 3175 nem
1182 3111 1214 3173 in
1237 3109 1392 3178 consulet

355 3210 1361 3292 nueuumnlteebonaequeartesetanimietoorporiaerant,

354 3309 1360 3392 mamammmepeuam=patmnnomm,aatn·

354 3407 1362 3492 manummeeunutnmnnummnoem
