2864 3876
289 157 348 222 150
602 149 632 206 C.
650 151 833 206 smum
852 151 976 208 celse!
1239 144 1290 204 85.

286 298 407 364 artificio
432 317 508 382 opus
529 309 582 376 est,
605 309 639 363 ut
662 300 756 382 turpis
782 300 859 365 facts
884 303 1017 366 oratione
1040 311 1147 384 tegunt
1196 313 1338 384 nequest

286 400 393 463 litteras
412 395 542 462 Graecas
561 399 666 462 didici:
695 419 799 482 perum
819 401 953 482 placebat
972 419 1023 466 ess
1042 401 1161 476 discere,
1183 403 1292 482 quippe

287 519 362 581 quse
380 499 420 561 sd
434 499 567 560 muntem
587 497 755 562 doctoribus
774 499 844 562 mbil
864 499 1040 580 profuerant.
1081 513 1111 564 st
1131 501 1179 562 illu
1199 501 1291 563 multo
1303 509 1338 560 ss

286 609 407 679 optume
426 597 469 658 rei
492 597 626 677 publicae
649 596 754 660 doctus
777 592 845 660 sum
866 599 979 662 bostem
1003 598 1095 673 ferire,
1116 599 1291 679 prsesidium

251 688 403 777 ⁸pugitrure,
422 695 492 757 nibss
512 707 641 759 metuere
657 695 712 758 nisi
732 705 846 776 turpem
865 696 982 772 somam,
999 697 1125 760 hiemem
1145 709 1175 760 et
1195 707 1289 760 sestu-

287 805 347 858 tem
363 795 443 857 iuxta
459 795 528 876 psti,
540 793 622 858 humi
640 795 829 875 requiescere,
843 797 949 858 eodem
966 807 1097 877 tempore
1114 797 1245 879 inopiam
1262 806 1293 859 et

286 875 568 958 uberem'loteme.
608 892 653 955 his
670 911 728 974 ego
745 895 906 974 praeceptis
921 893 1024 958 milites
1040 896 1180 958 bortsbor
1195 907 1340 976 nequest

286 993 351 1056 illos
362 1004 424 1056 erte
436 993 541 1069 colem,
554 1011 604 1057 me
619 991 779 1074 opulenter,
794 1010 890 1073 neque
906 993 1028 1073 ςὶοτῑεω
1043 1013 1143 1056 meam
1160 994 1291 1056 lsborem

190 1153 199 1164 ,
225 1169 235 1176 ..
287 1093 401 1158 illorum
417 1092 529 1156 meism-
570 1091 628 1156 boe
643 1091 776 1164 emutile.
790 1088 848 1154 boc
864 1091 946 1154 civile
962 1093 1123 1172 imperium.
1165 1095 1340 1171 namquess

248 1209 356 1254 recum
375 1201 435 1254 tute
454 1209 507 1271 per
526 1189 676 1252 mollitiam
696 1207 777 1269 ugus,
791 1191 949 1252 exereitum
969 1190 1111 1269 supplicio
1132 1208 1247 1270 cogere,
1260 1189 1291 1250 id

287 1301 333 1352 est
341 1287 493 1351 domimm
507 1305 569 1350 non
581 1287 787 1367 imperotorem
799 1305 872 1350 esse.
903 1286 977 1350 brec
991 1296 1077 1365 etque
1088 1287 1154 1350 teliu
1167 1287 1293 1368 maiores
1303 1297 1340 1348 ss

286 1387 375 1450 rosui
401 1385 538 1448 fecundo
560 1402 649 1466 seque
676 1403 795 1466 remque
821 1384 968 1467 publicam
995 1386 1183 1448 celebravere.
1227 1387 1292 1465 quis
1303 1399 1339 1452 st

161 1482 194 1568 Z
288 1485 423 1549 nobilitas
442 1484 523 1558 frete,
545 1485 609 1564 ipss
628 1483 775 1548 dissimilis
794 1485 933 1558 moribus,
954 1502 1010 1547 uos
1029 1485 1142 1547 illorum
1162 1485 1293 1548 semtuos

99 1575 103 1582 ’
183 1585 195 1606 ’
287 1584 455 1658 coutemnit,
467 1594 498 1645 et
510 1583 607 1646 omnis
619 1581 746 1646 bonores
759 1600 820 1647 non
833 1601 871 1645 ex
884 1583 996 1657 merito,
1010 1583 1063 1646 sed
1080 1583 1163 1664 qussi
1178 1582 1293 1647 debitos

249 1702 307 1760 sps
318 1683 400 1746 vobis
412 1681 522 1763 repetit.
563 1691 695 1744 ceterum
707 1680 839 1744 bomines
855 1682 1059 1764 superbissumi
1075 1681 1176 1764 procul
1188 1691 1292 1744 emunt
1305 1691 1342 1741 ss

287 1783 411 1847 msiores
436 1799 538 1846 eorum
565 1780 666 1843 omnis
692 1797 767 1862 quse
793 1779 899 1842 licebat
924 1780 980 1844 illie
1008 1781 1156 1862 reliquere,
1183 1780 1294 1843 divitias

287 1882 429 1964 imagines
448 1879 620 1943 memoriam
640 1879 684 1941 sui
703 1877 892 1960 prseclsrsm,
908 1881 1043 1944 vlrtmem
1063 1899 1124 1945 noo
1144 1880 1293 1959 reliquere,

288 1998 383 2060 oeque
401 1988 552 2060 poterents
576 1995 614 2040 es
632 1977 695 2040 sols
715 1994 811 2058 neque
827 1977 912 2040 detur
931 1977 1011 2040 douo
1031 1995 1127 2059 neque
1146 1977 1296 2056 accipitur.

289 2079 437 2143 sordidum
461 2095 511 2138 me
538 2086 569 2138 et
593 2075 708 2139 incultis
731 2078 860 2140 moribus
885 2076 975 2151 siunt,
997 2076 1065 2156 quis
1093 2094 1198 2156 pamm
1223 2075 1343 2139 scitess

250 2179 451 2243 »murium
468 2195 581 2241 exorno
595 2193 691 2256 seque
709 2176 877 2240 histrionem
893 2175 984 2238 ullum
1002 2193 1098 2256 neque
1115 2175 1204 2258 pluris
1222 2176 1296 2258 preti

287 2295 396 2356 cocum
423 2293 513 2358 quum
542 2275 659 2354 vilicum
688 2275 792 2340 babeo
840 2293 916 2356 quse
946 2273 1017 2336 milui
1045 2274 1125 2338 lubet
1154 2276 1295 2350 confiteri,

290 2375 425 2454 Quirites
475 2373 1345 2456 ntmexpsrentemeoetexsliisssnctlsvirisimso

289 2476 408 2557 accepis
429 2475 584 2538 mundities
602 2475 777 2550 mulieribus,
789 2474 920 2537 laborem
936 2473 1004 2536 viris
1024 2473 1187 2550 convenire,
1201 2476 1296 2540 omni·

289 2577 402 2656 busque
427 2575 514 2638 bouis
538 2585 670 2656 oportere
693 2573 760 2654 plus
783 2573 892 2653 glorise
916 2591 1005 2654 quum
1029 2572 1191 2636 divifisrum
1216 2593 1297 2650 esse;

250 2692 382 2754 um
397 2691 460 2736 που
479 2672 685 2756 sonsum
704 2671 803 2734 detor*
822 2689 898 2734 esre·
938 2671 1008 2752 oin
1027 2686 1099 2754 erus
1116 2671 1197 2752 <ruod
1212 2673 1298 2750 iuvat
1311 2685 1345 2733 ⁴²

291 2770 846 2854 quodcsrumsesurmentldsemper
862 2769 1096 2846 iscisntsment
1112 2781 1230 2853 potent:
1249 2773 1299 2836 ubi

290 2870 518 2934 udulmoentism
547 2868 673 2931 mbuee
695 2869 734 2932 rbi
767 2879 945 2934 senectutem
966 2881 1066 2950 spent,
1093 2870 1126 2931 in
1153 2869 1299 2945 convivis,

292 2966 971 3052 deditlseutrietturpissumsepsrticorporis.
1000 2967 1299 3049 sudorempulverem

290 3080 322 3133 et
340 3069 399 3132 sis
418 3067 488 3131 tulis
507 3067 674 3150 relinquunt
699 3066 793 3144 nobis,
814 3069 919 3150 qulbus
941 3067 991 3132 ills
1013 3067 1107 3150 epulis
1128 3068 1299 3134 iucundiore

251 3178 369 3246 pesum.
408 3185 510 3230 rerum
529 3167 717 3232 uonitsest.
755 3165 1343 3248 mmubleeflugitiiedetleoorsverett

290 3266 456 3350 tumim!
480 3267 542 3343 oiri,
567 3265 713 3330 boum
738 3265 868 3347 proemia
893 3277 1024 3350 sepum
1053 3277 1135 3332 emt.
1186 3268 1227 3332 tu
1252 3268 1345 3336 iri-es

291 3368 454 3432 meme
470 3365 584 3430 luxurie
599 3376 631 3430 et
644 3364 759 3448 ignevls
773 3383 927 3448 pemse
943 3373 1027 3443 tetes,
1042 3367 1098 3432 illis
1113 3367 1165 3451 qul
1182 3368 1299 3435 soluere

291 3463 1170 3550 mnuuottetuneretpottteeetnmxueebttme
1217 3479 1344 3532 nuncu
